@misc{keras,
  title = {Keras Documentation},
  year = {2018},
    note = {Acesso em 22 de Outubro de 2018},
    howpublished = {Disponível em: <\url{https://keras.io/}>}
}

@inproceedings{stonebraker93,
	Author = {Michael Stonebraker and Rakesh Agrawal and Umeshwar Dayal and Erich J. Neuhold and Andreas Reuter},
	Booktitle = {VLDB '93 Proceedings of the 19th International Conference on Very Large Data Bases},
	Pages = {688--692},
	Publisher = {Morgan Kaufmann Publishers Inc.},
	Title = {DBMS Research at a Crossroads: The Vienna Update},
	Year = {1993}
}
	
@article{rocha09,
	author = {L. M. Rocha and F. A. M. Cappabianco and A. X. Falc{\~{a}}o},
	title = {Data clustering as an optimum-path forest problem with applications in image analysis},
	journal = {International Journal of Imaging Systems and Technology},
	year = {2009},
	volume = {19},
	pages = {50--68},
	number = {2},
    publisher = {Wiley Periodicals}
}


% --------------------------------------------------ABAIXO------------------------------------------

@article{deleene,
author = {Deleene S. Menefee and Tracey Ledoux and Craig A. Johnston},
title ={The Importance of Emotional Regulation in Mental Health},

journal = {American Journal of Lifestyle Medicine},
volume = {16},
number = {1},
pages = {28-31},
year = {2022},
doi = {10.1177/15598276211049771},
    note ={PMID: 35185423},

URL = { 
    
        https://doi.org/10.1177/15598276211049771
    
    

}
}

@misc{world_2022, title={Mental health}, url={https://www.who.int/news-room/fact-sheets/detail/mental-health-strengthening-our-response}, journal={Who.int}, publisher={OMS}, author={{ORGANIZAÇÃO MUNDIAL DA SAÚDE }}, year={2022}, month={Jun} }

‌@misc{world, url={https://www.who.int/teams/mental-health-and-substance-use/world-mental-health-report}, journal={Who.int}, year={2022}, title={World Mental Health Report},author={{ORGANIZAÇÃO MUNDIAL DA SAÚDE }},publisher={OMS} }

‌@article{heymann_sprague_2023, title={Meeting the UN Sustainable Development Goals for mental health: why greater prioritization and adequately tracking progress are critical}, volume={22}, url={https://pmc.ncbi.nlm.nih.gov/articles/PMC10168142/}, DOI={https://doi.org/10.1002/wps.21090}, number={2}, journal={World Psychiatry}, publisher={Wiley}, author={Heymann, Jody and Sprague, Aleta}, year={2023}, month={May}, pages={325–326} }

‌@book{abt1987serious,
  title={Serious Games},
  author={Abt, C.C.},
  isbn={9780819161482},
  lccn={86034021},
  url={https://books.google.com.br/books?id=axUs9HA-hF8C},
  year={1987},
  publisher={University Press of America}
}

@misc{mentalDisorders_2022, title={Mental disorders}, url={https://www.who.int/news-room/fact-sheets/detail/mental-disorders}, journal={Who.int}, publisher={OMS}, author={{ORGANIZAÇÃO MUNDIAL DA SAÚDE}}, year={2022}, month={Jun} }

‌@article{kasdorf_2023, title={Representation of mental illness in video games beyond stigmatization}, volume={5}, url={https://www.frontiersin.org/journals/human-dynamics/articles/10.3389/fhumd.2023.1155821/full}, DOI={https://doi.org/10.3389/fhumd.2023.1155821}, journal={Frontiers in Human Dynamics}, publisher={Frontiers Media SA}, author={Kasdorf, Ruth}, year={2023}, month={Sep} }

‌@inproceedings{10.1145/3638067.3638104,
author = {GalvÃo, Vin\'{\i}cius Ferreira and Maciel, Cristiano and Dos Santos Nunes, Eunice Pereira and Da Hora Rodrigues, Kamila Rios},
title = {A framework to support the development of empathic games},
year = {2024},
isbn = {9798400717154},
publisher = {Association for Computing Machinery},
address = {New York, NY, USA},
url = {https://doi.org/10.1145/3638067.3638104},
doi = {10.1145/3638067.3638104},
abstract = {A subcategory of games is gaining the attention of the academic community: Empathic Games. Games that forgo some of a game’s pure entertainment value, in favor of allowing the player to experience how it is to be in "someone else’s shoes" and deal with the challenges they face in their daily lives. For example, the daily routine of a doctor, the perspective of a person in a state of grief, how does a person afflicted with a physical disability overcome their limitations etc. There are works in many different areas that highlight the importance of empathy. However, there are very few works detailing how digital games generate empathy in the user. With this knowledge gap in mind, the present study details the creation of the conceptual framework CERCO (Components, Elements, Requirements, and COncepts) and the following artifacts: glossaries, synthesis of empathic games, historical analysis of the game industry use of empathic elements, design guidelines, and videos. This study sought to create a framework and artifacts to support professionals, of all levels of expertise, during the game-creating process; they constitute the main results of this study and are detailed further on how they can support the creation of empathic games that, via interaction, can be a tool to tackle difficult life subjects via interaction.},
booktitle = {Proceedings of the XXII Brazilian Symposium on Human Factors in Computing Systems},
articleno = {31},
numpages = {12},
keywords = {CERCO framework, Empathic Games, Empathy, Game Analysis},
location = {Macei\'{o}, Brazil},
series = {IHC '23}
}

@article{Roma_2024, place={Rio de Janeiro}, title={Psicofobia: lidando com transtornos mentais e o estigma no Brasil}, volume={14}, url={https://revistardp.org.br/revista/article/view/1315}, DOI={10.25118/2763-9037.2024.v14.1315}, abstractNote={&amp;lt;p&amp;gt;A psicofobia, entendida como o preconceito direcionado a pessoas com transtornos mentais, tem sido abordada por campanhas de conscientização de diversas formas, no entanto, ainda faz parte da realidade de muitos doentes. Por meio desse breve apanhado na literatura, busco elucidar possíveis prejuízos causados pela psicofobia. A partir dos dados expostos, reitero a importância de políticas públicas de conscientização sobre esse tema a fim de desmistificar uma pauta que apesar de estar em crescente discussão, ainda causa grande prejuízo psicossocial.&amp;lt;/p&amp;gt;}, journal={Debates em Psiquiatria}, author={Roma, Pedro Fernandes}, year={2024}, month={nov.}, pages={1–5} }

@article{article,
author = {PRAKASH, Dr.S},
year = {2023},
month = {08},
pages = {},
title = {2D GAME DEVELOPMENT USING UNITY ENGINE “MINOTSCAPE”},
volume = {07},
journal = {INTERANTIONAL JOURNAL OF SCIENTIFIC RESEARCH IN ENGINEERING AND MANAGEMENT},
doi = {10.55041/IJSREM25405},
url = {https://doi.org/10.55041/IJSREM25405}
}

@book{book,
author = {Halpern, Jared},
year = {2019},
month = {01},
pages = {},
title = {Developing 2D Games with Unity: Independent Game Programming with C},
isbn = {978-1-4842-3771-7},
doi = {10.1007/978-1-4842-3772-4},
url = {https://doi.org/10.1007/978-1-4842-3772-4},
publisher = {Apress}
}

@article{articleIAanima,
author = {Qiu, Shanhui},
year = {2023},
month = {12},
pages = {146-160},
title = {Generative AI Processes for 2D Platformer Game Character Design and Animation},
volume = {29},
journal = {Lecture Notes in Education Psychology and Public Media},
doi = {10.54254/2753-7048/29/20231440},
url = {https://doi.org/10.54254/2753-7048/29/20231440}
}

@article{articleIAEntretenimento,
author = {Meena, Ravindar and Jingar, Ms and Gupta, Sachin},
year = {2020},
month = {01},
pages = {4661},
journal = {Our Heritage},
title = {Artificial Intelligence: A Digital Transformation Tool in Entertainment and Media Industry}
}

@article{IA_jogos,
author = {Marlies P. Schijven and Toshiko Kikkawa},
title ={Is there any (artificial) intelligence in gaming?},

journal = {Simulation \& Gaming},
volume = {53},
number = {4},
pages = {315-316},
year = {2022},
doi = {10.1177/10468781221101685},

URL = { 
    
        https://doi.org/10.1177/10468781221101685
}
}

@article{jorapur2024evolution,
  title={The Evolution of Artificial Intelligence in Gaming},
  author={Jorapur, Aditi},
  year={2024}, journal={ART 108: Introduction to Games Studies},
  url={https://scholarworks.sjsu.edu/art108/47/}
}

@article{xian2023automated,
  title={An Automated Generation from Video to 3D Character Animation using Artificial Intelligence and Pose Estimate},
  author={Xian, D and Sahagun, Jonathan},
  journal={Artificial Intelligence Advances. https://doi. org/10.5121/csit},
  year={2023},
  url={https://csitcp.org/paper/13/137csit03.pdf}
}

‌@article{xu_cohen_clark_2025,
title={Generative AI Models for Images with Copyright-Free Training},
url={https://papers.ssrn.com/sol3/papers.cfm?abstract_id=5331280}, 
DOI={https://doi.org/10.2139/ssrn.5331280}, 
author={Xu, Tony and Cohen, Maxime C and Clark, James}, 
year={2025}, 
month={Jun} 
}

@article{greenberg, 
title={Demystifying Flux Architecture}, 
url={https://arxiv.org/pdf/2507.09595}, 
journal={arXiv.org},
author={Greenberg, Or},
year={2025}
}


%---------------------------------  FERRAMENTAS

@misc{spritesheetgpt-free, 
url={https://www.yeschat.ai/gpts-ZxWyYju4-SpriteSheetGPT}, 
journal={Yeschat.ai}, 
author = {{YesChat AI}},
title={SpriteSheetGPT - AI-Powered Sprite Animation},
year={2024}
}

@misc{segmind, 
url={https://www.segmind.com/pixelflows/67ee10c0a86c3ba664125013}, 
title={AI Sprite Sheet Maker},
journal={Segmind.com}, 
author={Segmind},
year={2025} 
}

‌@misc{rosebud, 
url={https://lab.rosebud.ai/sprites-animation}, 
journal={Rosebud.ai}, 
author = {{Rosebud AI}},
year={2025}
}

‌@misc{cgdream_2025, 
url={https://cgdream.ai/gallery}, 
journal={Cgdream.ai}, 
year={2025},
author={{CGDream AI Image Generator}}
}


‌@misc{cgdream_video, 
url={https://www.youtube.com/watch?v=g1BCAJqxjog&ab_channel=AIAndy}, 
journal={Youtube.com},
author={Andy Hafell},
year={2025} }

‌
@article{animated10.1145/3592788,
author = {Smith, Harrison Jesse and Zheng, Qingyuan and Li, Yifei and Jain, Somya and Hodgins, Jessica K.},
title = {A Method for Animating Children’s Drawings of the Human Figure},
year = {2023},
issue_date = {June 2023},
publisher = {Association for Computing Machinery},
address = {New York, NY, USA},
volume = {42},
number = {3},
issn = {0730-0301},
url = {https://doi.org/10.1145/3592788},
doi = {10.1145/3592788},
abstract = {Children’s drawings have a wonderful inventiveness, creativity, and variety to them. We present a system that automatically animates children’s drawings of the human figure, is robust to the variance inherent in these depictions, and is simple and straightforward enough for anyone to use. We demonstrate the value and broad appeal of our approach by building and releasing the Animated Drawings Demo, a freely available public website that has been used by millions of people around the world. We present a set of experiments exploring the amount of training data needed for fine-tuning, as well as a perceptual study demonstrating the appeal of a novel twisted perspective retargeting technique. Finally, we introduce the Amateur Drawings Dataset, a first-of-its-kind annotated dataset, collected via the public demo, containing over 178,000 amateur drawings and corresponding user-accepted character bounding boxes, segmentation masks, and joint location annotations.},
journal = {ACM Trans. Graph.},
month = {jun},
articleno = {32},
numpages = {15},
keywords = {2D animation, motion retargeting, motion stylization, Skeletal animation}
}


@misc{animatedDrawings,
  author = {Jesse Smith},
  title = {Animated drawnings},
  journal={Meta},
  year  = {2024},
  url={https://sketch.metademolab.com/canvas}
}
@misc{pixie.haus_2025, 
url={https://pixie.haus/}, 
title={Pixie.haus}, 
author={Stanisław Ursatjew},
year={2025} 
}

@misc{godmodeanimation2024,
  author = {Gavin Li},
  title = {2D Game Animation Generation: All you need is repeat the same motion 1000 times},
  url = {https://github.com/lyogavin/godmodeanimation/},
  version = {2.0},
  year = {2024},
}
‌
‌
‌@misc{pixelLab, 
url={https://www.pixellab.ai/editor}, 
author={Pixellab.ai}, 
year={2025} 
}

‌
‌@misc{chatgpt_2025, 
url={https://chatgpt.com/}, 
title={ChatGPT},
journal={ChatGPT}, 
author={{OpenAI}},
version = {4o},
year={2025} 
}

‌@misc{openai_2025, 
url={https://platform.openai.com/docs/guides/images-vision?api-mode=responses}, 
author={{OpenAI}},
journal={Openai.com}, 
year={2025} 
}

‌@misc{openaiQuick_2025, 
url={https://platform.openai.com/docs/quickstart}, 
author={{OpenAI}},
journal={Openai.com}, 
year={2025} 
}

‌@misc{openaiImage_2025, 
url={https://openai.com/index/introducing-4o-image-generation/}, 
author={{OpenAI}},
journal={Openai.com}, 
year={2025} 
}
‌
‌@misc{openArtai_2025, 
url={https://openart.ai/home}, 
author={{OpenArt.AI}},
journal={OpenArt.AI}, 
year={2025} 
}
‌
@misc{modelark-byteplus_2025, 
url={https://docs.byteplus.com/en/docs/ModelArk/1159178}, 
journal={Byteplus.com}, 
author={{BytePlus}},
year={2025} 
}

‌@misc{blackforestlabs_2025, 
url={https://bfl.ai/models/flux-kontext}, 
journal={Bfl.ai}, 
author={{Black Forest Labs}},
year={2025} 
}

‌@misc{sundarpichai_2023, 
title={Introducing Gemini: our largest and most capable AI model}, 
url={https://blog.google/technology/ai/google-gemini-ai/?utm_source=chatgpt.com#performance}, journal={Google}, 
author={Sundar Pichai},
year={2023}, 
month={Dec} 
}

‌@misc{viduai_2024, 
url={https://www.vidu.com/create/character2video}, 
journal={Vidu.com}, 
publisher={Vidu AI}, 
author={{Vidu}},
year={2024} 
}

‌@misc{docs_2025, 
url={https://shengshu.feishu.cn/docx/MtKHd8OhNokOtaxzxQHcdUDPnKh}, 
title={Vidu Prompt User Guide},
author={{Vidu}},
journal={Feishu.cn},
year={2025} 
}

‌@misc{docs2_2025, 
url={‌https://shengshu.feishu.cn/docx/MtKHd8OhNokOtaxzxQHcdUDPnKh}, 
title={First \& Last Frame},
author={{Vidu}},
journal={Feishu.cn},
year={2025} 
}

